<collection xmlns="http://www.loc.gov/MARC21/slim"><record><leader>00770nam  2200241   450</leader><controlfield tag="001">84</controlfield><controlfield tag="003">http://montalegre.opacnet.com/OPAC/default.aspx?ContentAreaControl=ShowRegHoldings.ascx&amp;RegNo=16662</controlfield><datafield tag="021" ind1=" " ind2=" "><subfield code="a">PT</subfield><subfield code="b">19948</subfield></datafield><datafield tag="095" ind1=" " ind2=" "><subfield code="a">PTBN00112489</subfield></datafield><datafield tag="100" ind1=" " ind2=" "><subfield code="a">19880522d1988    m  y0pory010305  ba</subfield></datafield><datafield tag="101" ind1="1" ind2=" "><subfield code="a">por</subfield><subfield code="c">fre</subfield></datafield><datafield tag="102" ind1=" " ind2=" "><subfield code="a">PT</subfield></datafield><datafield tag="200" ind1="1" ind2=" "><subfield code="a">Morte suspensa</subfield><subfield code="f">Maurice Blanchot</subfield><subfield code="g">trad. Jorge Camacho</subfield></datafield><datafield tag="210" ind1=" " ind2=" "><subfield code="a">Lisboa</subfield><subfield code="c">Edições 70</subfield><subfield code="d">1988</subfield></datafield><datafield tag="215" ind1=" " ind2=" "><subfield code="a">86 p.</subfield><subfield code="d">24 cm</subfield></datafield><datafield tag="225" ind1="2" ind2=" "><subfield code="a">Caligrafias</subfield><subfield code="v">4)</subfield></datafield><datafield tag="304" ind1=" " ind2=" "><subfield code="a">Tít. orig.: L'arrêt de mort</subfield></datafield><datafield tag="675" ind1=" " ind2=" "><subfield code="a">821</subfield><subfield code="v">BN</subfield><subfield code="z">por</subfield></datafield><datafield tag="700" ind1=" " ind2="1"><subfield code="a">Blanchot</subfield><subfield code="b">Maurice</subfield><subfield code="f">1907-2003</subfield></datafield><datafield tag="702" ind1=" " ind2="1"><subfield code="a">Camacho</subfield><subfield code="b">Jorge</subfield><subfield code="4">730</subfield></datafield><datafield tag="801" ind1=" " ind2="0"><subfield code="a">PT</subfield><subfield code="b">Biblioteca Municipal de Montalegre</subfield><subfield code="g">RPC</subfield></datafield><datafield tag="856" ind1=" " ind2=" "><subfield code="u">locateMedia.asp?cod=20060508151749&amp;ext=jpg</subfield><subfield code="z">CAPA</subfield></datafield><datafield tag="909" ind1="&#9;" ind2=" "><subfield code="a">2</subfield></datafield><datafield tag="966" ind1=" " ind2=" "><subfield code="a">0008289</subfield><subfield code="l">BMM</subfield><subfield code="s">SCG 821 BLA mor 4</subfield></datafield><datafield tag="966" ind1=" " ind2=" "><subfield code="a">0008309</subfield><subfield code="l">BMM</subfield><subfield code="s">SCG 821 BLA mor 4</subfield></datafield></record></collection>